<collection xmlns="http://www.loc.gov/MARC21/slim">
<record>
  <leader>01983nam0a22003971i 450 </leader>
  <controlfield tag="001">IT\ICCU\CNCE\033820</controlfield>
  <controlfield tag="005">20070324000000.0</controlfield>
  <datafield tag="012" ind1=" " ind2=" ">
    <subfield code="a">i.i, X.X. m.i- tali (3) 1596 (R)</subfield>
    <subfield code="2">fei</subfield>
  </datafield>
  <datafield tag="100" ind1=" " ind2=" ">
    <subfield code="a">19971222d1596        0itac0103    ba</subfield>
  </datafield>
  <datafield tag="101" ind1=" " ind2=" ">
    <subfield code="a">LAT</subfield>
  </datafield>
  <datafield tag="102" ind1=" " ind2=" ">
    <subfield code="a">IT</subfield>
  </datafield>
  <datafield tag="200" ind1="1" ind2=" ">
    <subfield code="a">Expositionis in symbolum apostolorum tomus primus auctore. F. Angelo del Pas perpianensi</subfield>
  </datafield>
  <datafield tag="210" ind1=" " ind2=" ">
    <subfield code="a">Romae</subfield>
    <subfield code="c">ex typographia vaticana</subfield>
    <subfield code="d">1596</subfield>
  </datafield>
  <datafield tag="215" ind1=" " ind2=" ">
    <subfield code="a">\8!, 792, \59! p.</subfield>
    <subfield code="d">fol</subfield>
  </datafield>
  <datafield tag="620" ind1=" " ind2=" ">
    <subfield code="a">IT</subfield>
    <subfield code="d">Roma</subfield>
  </datafield>
  <datafield tag="700" ind1=" " ind2="1">
    <subfield code="a">Delpas,</subfield>
    <subfield code="b">Ange</subfield>
    <subfield code="3">IT\ICCU\CNCA\005006</subfield>
  </datafield>
  <datafield tag="712" ind1="0" ind2="2">
    <subfield code="a">Stamperia Apostolica Vaticana</subfield>
    <subfield code="3">IT\ICCU\CNCT\000290</subfield>
    <subfield code="4">650</subfield>
  </datafield>
  <datafield tag="790" ind1=" " ind2="1">
    <subfield code="a">Del_Pas,</subfield>
    <subfield code="b">Angel</subfield>
    <subfield code="3">IT\ICCU\CNCA\011576</subfield>
    <subfield code="z">Delpas, Ange</subfield>
  </datafield>
  <datafield tag="790" ind1=" " ind2="0">
    <subfield code="a">Angelus</subfield>
    <subfield code="c"> : del#Pas</subfield>
    <subfield code="3">IT\ICCU\CNCA\011577</subfield>
    <subfield code="z">Delpas, Ange</subfield>
  </datafield>
  <datafield tag="790" ind1=" " ind2="1">
    <subfield code="a">Delpas,</subfield>
    <subfield code="b">Charles</subfield>
    <subfield code="3">IT\ICCU\CNCA\021686</subfield>
    <subfield code="z">Delpas, Ange</subfield>
  </datafield>
  <datafield tag="790" ind1=" " ind2="1">
    <subfield code="a">Pas,</subfield>
    <subfield code="b">Angel : del</subfield>
    <subfield code="3">IT\ICCU\CNCA\021689</subfield>
    <subfield code="z">Delpas, Ange</subfield>
  </datafield>
  <datafield tag="791" ind1="0" ind2="2">
    <subfield code="a">Tipografia Apostolica Vaticana</subfield>
    <subfield code="3">IT\ICCU\CNCT\001476</subfield>
    <subfield code="z">Stamperia Apostolica Vaticana</subfield>
  </datafield>
  <datafield tag="791" ind1="0" ind2="2">
    <subfield code="a">Typographia Vaticana</subfield>
    <subfield code="3">IT\ICCU\CNCT\005738</subfield>
    <subfield code="z">Stamperia Apostolica Vaticana</subfield>
  </datafield>
  <datafield tag="791" ind1="0" ind2="2">
    <subfield code="a">Stamperia Vaticana</subfield>
    <subfield code="3">IT\ICCU\CNCT\005739</subfield>
    <subfield code="z">Stamperia Apostolica Vaticana</subfield>
  </datafield>
  <datafield tag="801" ind1=" " ind2="3">
    <subfield code="a">IT</subfield>
    <subfield code="b">ICCU</subfield>
    <subfield code="c">20201114</subfield>
  </datafield>
  <datafield tag="899" ind1=" " ind2=" ">
    <subfield code="a">Biblioteca comunale Planettiana. Jesi</subfield>
    <subfield code="1">AN0092</subfield>
    <subfield code="2">URB BC</subfield>
  </datafield>
  <datafield tag="899" ind1=" " ind2=" ">
    <subfield code="a">Biblioteca provinciale Salvatore Tommasi. Bazzano</subfield>
    <subfield code="1">AQ0047</subfield>
    <subfield code="2">ABR PR</subfield>
  </datafield>
  <datafield tag="899" ind1=" " ind2=" ">
    <subfield code="a">Biblioteca Apostolica Vaticana. Citt ̉del Vaticano</subfield>
    <subfield code="1">EX0001</subfield>
    <subfield code="2">ZCV 01</subfield>
  </datafield>
  <datafield tag="899" ind1=" " ind2=" ">
    <subfield code="a">Biblioteca dello Studio teologico di S. Francesco. Fiesole</subfield>
    <subfield code="1">FI0016</subfield>
    <subfield code="2">RT1 CF</subfield>
  </datafield>
  <datafield tag="899" ind1=" " ind2=" ">
    <subfield code="a">Biblioteca provinciale dei Cappuccini. Firenze</subfield>
    <subfield code="1">FI0041</subfield>
    <subfield code="2">RT1 PC</subfield>
  </datafield>
  <datafield tag="899" ind1=" " ind2=" ">
    <subfield code="a">Biblioteca diocesana Cardinal Cesare Baronio. Sora</subfield>
    <subfield code="1">FR0104</subfield>
    <subfield code="2">RMS Q5</subfield>
  </datafield>
  <datafield tag="899" ind1=" " ind2=" ">
    <subfield code="a">Biblioteca nazionale centrale. Roma</subfield>
    <subfield code="1">RM0267</subfield>
    <subfield code="2">BVE CR</subfield>
  </datafield>
  <datafield tag="899" ind1=" " ind2=" ">
    <subfield code="a">Biblioteca Vallicelliana. Roma</subfield>
    <subfield code="1">RM0281</subfield>
    <subfield code="2">RML 08</subfield>
  </datafield>
  <datafield tag="899" ind1=" " ind2=" ">
    <subfield code="a">Biblioteca Angelica. Roma</subfield>
    <subfield code="1">RM0290</subfield>
    <subfield code="2">RML 06</subfield>
  </datafield>
  <datafield tag="899" ind1=" " ind2=" ">
    <subfield code="a">Biblioteca Casanatense. Roma</subfield>
    <subfield code="1">RM0313</subfield>
    <subfield code="2">RML 07</subfield>
  </datafield>
  <datafield tag="899" ind1=" " ind2=" ">
    <subfield code="a">Biblioteca del Pontificio Ateneo Antonianum. Roma</subfield>
    <subfield code="1">RM0692</subfield>
    <subfield code="2">ZRM 44</subfield>
  </datafield>
</record>
</collection>
